@manual{versuchsbeschreibung,
  organization = {TU Dortmund},
  title = {V206 Die W채rmepumpe}
}

@manual{V203,
  organization = {TU Dortmund},
  title = {V203 Verdampfungsw채rme und Dampfdruckkurve}
}

@url{leifi,
  Title = {W채rmekapazit채t},
  Url = {https://www.leifiphysik.de/waermelehre/innere-energie-waermekapazitaet/grundwissen/spezifische-waermekapazitaet#:~:text=Wasser%20hat%20mit%204190%20J,f%C3%BCr%20das%20Klima%20unserer%20Erde.},
  Urldate = {2022-12-05}
}
