@manual{V354,
  organization = {TU Dortmund, Fakultät Physik},
  title = {V354: Gedämpfte und erzwungene Schwingungen},
  year = 2022
}