@manual{sample,
  organization = {TU Dortmund, Fakult√§t Physik},
  title = {Versuch zum Literaturverzeichnis},
  year = 2022
}

@book{key,
  author         = {},
  editor         = {},
  publisher      = {},
  title          = {},
  year           = {}
}

@manual{dichte_wasser,
  Author = {Peter},
  Title = {Wasser-Dichtetabelle},
  Url = {https://www.internetchemie.info/chemie-lexikon/daten/w/wasser-dichtetabelle.php},
  Urldate = {2022-11-25}
}