@manual{V353,
  organization = {TU Dortmund, Fakult√§t Physik},
  title = {V353: Relaxationsverhalten eines RC-Kreises},
  year = 2022
}