@manual{V303,
  organization = {TU Dortmund},
  title = {V303: Der Lock-In-Verst√§rker}
}

