@url{energie_k,
  title = "X-Ray Transition Energies Database",
  url = "https://physics.nist.gov/PhysRefData/XrayTrans/Html/search.html",
  urldate = "04.04.2023"
}

@book{Demtröder,
  author         = {Wolfgang Demtröder},
  publisher      = {Springer},
  title          = {Experimentalphysik 4},
  auflage        = {5},
}

@manual{V602,
  organization = {TU Dortmund, Fakultät Physik},
  title = {V602: Röntgenemission und -absorption},
  year = 2022
}