@manual{V308,
  organization = {TU Dortmund, Fakult√§t Physik},
  title = {V308: Spulen und Magnetfelder},
  year = 2022
}
